% !TEX root = ./main.tex
@article{WMMU:2019:IIS,
    author = {Виноградов~А.~Д. and Минин~Л.~А. and Морозов~Е.~Ю. and Ушаков~С.~Н.},
    title = {Детерминированный подход к решению задачи определения координат и угловой ориентации бортовой пеленгаторной антенны по результатам радиопеленгования радиоориентиров},
    journal = {Информационно-измерительные и управляющие системы},
    location = {М.},
    number = {2},
    pages = {5-23},
    pagetotal = {},
    publisher = {Издательство <<Радиотехника>>},
    year = {2019},
    media = {text},
    language = {russian}
},

@conference{WMMU:2019:RLNC,
    title = {Способ определения координат и угловой ориентации бортовой пеленгаторной антенны по результатам радиопеленгования радиоориентиров},
    author = {Виноградов~А.~Д. and Минин~Л.~А. and Морозов~Е.~Ю. and Ушаков~С.~Н.},
    year = {2019},
    volume = {3},
    pages = {337-344},
    pagetotal = {430},
    publisher = {Издательский дом ВГУ},
    location = {Воронеж},
    series = {XXV Международная научно-технической конференция <<Радиолокация, Навигация, Связь>>},
    media = {text},
    language = {russian}
}

@article{WMM:2018,
    title = {Характеристики угломестного радиопеленгования с использованием вертикальной эквидистантной трехэлементной линейной антенной решетки в условиях влияния подстилающей поверхности},
    author = {Березин~А.~В. and Виноградов~А.~Д. and Минин~Л.~А. and Морозов~Е.~Ю.},
    year = {2018},
    journal = {Антенны},
    location = {М.},
    pages = {10-15},
    number = {6},
    pagetotal = {48},
    publisher = {Издательство <<Радиотехника>>},
    media = {text},
    language = {russian}
}

@patent{STEPANOV:2006,
    author = {Максим Борисович Богданов and Алексей Вячеславович Прохорцов and Валерий Викторович Савельев},
    title = {Способ определения угловой ориентации объекта},
    year = {2006},
    month = {10},
    day = {20},
    number = {2276384 C2},
    type = {Патент},
    version = {},
    location = {RU},
    media = {eresource},
    url = {https://findpatent.ru/patent/227/2276384.html},
    filing_num = {10684114},
    yearfiled = {2004},
    monthfiled = {04},
    dayfiled = {27},
    pat_refs = {300600, г. Тула, пр. Ленина, 92, ТулГУ, патентно-лицензионный сектор},
    holder = {Тульский~Государственный~Университет},
    requestnumber = {2004112586/09},
    credits = {}
},

@book{BAHVALOV:2018,
    author = {Николай Сергеевич Бахвалов and Жидков Николай Петрович and Кобельков Георгий Михайлович},
    title = {Численные методы},
    publisher = {БИНОМ. Лаборатория знаний},
    location = {М.},
    year = {2018},
    edition = {12},
    pagetotal = {636},
    media = {text},
    language = {russian}
},

@reference{GOST-CS:1980,
    title = {Динамика летных аппаратов в атмосфере},
    subtitle = {ГОСТ 20058-80},
    specdata = {ВЗАМЕН ГОСТ 20058-74, кроме пп.45-67, введ. 1981.07.01},
    location = {М.},
    publisher = {Государственный комитет СССР по стандартам},
    pagetotal = {54},
    year = {1980},
    series = {Межгосудаственный стандарт},
    media = {eresource},
    url = {http://docs.cntd.ru/document/gost-20058-80},
    language = {russian}
},

@reference{GOST-GLONASS:2009,
    title = {Глобальные навигационные спутниковые системы. Системы координат. Методы преобразования координат определяемых точек},
    subtitle = {ГОСТ 51794-2008},
    specdata = {введ. 2009.09.01},
    location = {М.},
    publisher = {Стандартинформ},
    pagetotal = {16},
    year = {2009},
    series = {Межгосудаственный стандарт},
    media = {eresource},
    url = {http://docs.cntd.ru/document/1200073046},
    language = {russian}
}

@conference{REPORT:2015,
    title = {Локальные системы навигации, дополняющие системы ГНСС},
    author = {Корнеев~И.~Л. and Егоров~В.~В.},
    series = {IX Международный Форум по спутниковой навигации},
    year = {2015},
    month = {Apr},
    publisher = {<<Ростех>>},
    location = {М.},
    media = {text},
    language = {russian}
}

@book{YATSENKOV:2005,
    title = {Основы спутниковой навигации},
    subtitle = {Системы GPS и NAVSTAR},
    author = {В.~С.~Яценков},
    location = {М.},
    publisher = {Горячая линия -- Телеком},
    year = {2005},
    pagetotal = {272},
    media = {text},
    language = {russian}
}

@book{KOSTRIKIN:2008,
    title={Линейная алгебра и геометрия. Учебное пособие},
    author={Кострикин~А.~И. and Манин~Ю.~И.},
    year={2008},
    publisher={Издательство <<Лань>>},
    location = {СПб},
    pagetotal = 304,
    edition = 4,
    series = {Учебники для вузов. Специальная литература},
    media = {text},
    language = {russian}
}

@book{TYRTISHNOKOV:2007,
    title={Матричный анализ и линейная алгебра},
    author={Тыртышников~Е.~Е.},
    year={2007},
    publisher={ФИЗМАТЛИТ},
    location={М.},
    pagetotal= {480},
    series = {Учебники для вузов. Специальная литература},
    media = {text},
    language = {russian}
}

@book{ILIYN:2007,
    title = {Аналитическая геометрия},
    subtitle = {Учеб. Для вузов},
    author = {Ильин~В.~А. and Позняк~Э.~Г.},
    edition = {7},
    location = {М.},
    publisher={ФИЗМАТЛИТ},
    year = 2004,
    series = {Курс высшей математики и математической физики},
    pagetotal = {224},
    media = {text},
    language = {russian}
}

@conference{KORNEV:2016,
    title = {Определение пространственной ориентации объекта в среде глобальных радионавигационных спутниковых систем.},
    author = {Корнев~В.~В. and Чмутин~Н.~Ф.},
    year = {2016},
    volume = {3},
    pages = {337-344},
    pagetotal = {430},
    publisher = {АО <<РКС>>},
    location = {М.},
    editor = {А.~А.~Романова},
    pages = {52-69},
    series = {Сборник трудов VIII Всероссийской научно-технической конференции «Актуальные проблемы ракетно-космического приборостроения и информационных технологий»},
    media = {text},
    language = {russian}
}

@article{VINOGRADOV:2016,
    title = {Оценивание пространственной ориентации подвижного объекта по показаниям ортогональных акселерометра и магнитометра},
    author = {Виноградов~А.~Д. and Востров~А.~Ю. and Дмитриев~И.~С. },
    year = {2016},
    journal = {Успехи современной радиоэлектроники},
    number = {7},
    pages = {35-45},
    location = {М.},
    publisher = {Издательство <<Радиотехника>>},
    media = {text},
    language = {russian}
}

@book{BBELAVIN:1977,
    title = {Основы радионавигации},
    author = {Белавин~О.~В.},
    year = {1977},
    subtitle = {Учебное пособие для вузов},
    edition = {2-е, переаб. и доп.},
    location = {М.},
    publisher = {<<Сов. радио>>},
    pagetotal = {320},
    media = {text},
    language = {russian}
}

@book{KAZARINOV:2008,
    title = {Радиотехнические системы},
    subtitle = {учебник для студ. высш. учеб. заведений},
    editor = {Ю.~М.~Казаринова},
    author = {Казаринов~Ю.~М. and Коломенскй~Ю.~А. and Кутузов~В.~М. and Леонтьев~В.~В. and Орлов~В.~К. and Ульяницкий~Ю.~Д.},
    year = {2008},
    publisher = {Издательский центр <<Академия>>},
    pagetotal = {592},
    media = {text},
    language = {russian}
}

@article{VINOGRADOV:2017,
    title = {Способ и характеристики угломестного радиопеленгования с использованием эквидистантной трехэлементной антенной решетки из соосных вертикальных вибраторных антенн},
    author = {Виноградов~А.~Д. and Грибанов~В.~В. and Михин~А.~Ю. and Никитенко~Е.~П. and Подшивалова~Г.~В.},
    number = {5},
    year = {2017},
    journal = {Антенны},
    pages = {13-18},
    publisher = {Издательство <<Радиотехника>>},
    location = {М.},
    media = {text},
    language = {russian}
}

@book{ABRAMOVIZ:1986,
    title = {Справочник по специальным функциям},
    authors = {Абрамовиц~М. and Стиган~И.},
    credits = {Перевод с английского под редакцией В.~А.~Диткина и Л.~Н.~Карамазиной},
    year = {1979},
    location = {М.},
    publisher = {<<Наука>>},
    pagetotal = {832},
    media = {text},
    language = {russian}
}

@book{WOLFRAM:2017,
    title = {Introduction to Mathematica with Applications},
    author = {Marian Muresan},
    publisher = {Springer},
    year = {2017},
    pagetotal = {265},
    media = {text},
    language = {english},
    edition = {1},
}

@book{SOSULIN:1992,
    title = {Теоретические основы радиолокации и радионавигации},
    subtitle = {Учебное пособие для вузов},
    author = {Сосулин~Ю.~Г.},
    location = {М.},
    publisher = {Радио и связь},
    year = {1992},
    pagetotal = {304},
    media = {text},
    language = {russian},
}